@ARTICLE{Kotha2014,
author={Kotha, R. and Kim, P.H. and Alexy, O.},
title={Turn your science into a business},
journal={Harvard Business Review},
year={2014},
pages={106--114}
}
@article{Smith2002,
  title={Constructing knowledge: The role of graphs and tables in hard and soft psychology.},
  author={Smith, Laurence D and Best, Lisa A and Stubbs, D Alan and Archibald, Andrea Bastiani and Roberson-Nay, Roxann},
  journal={American Psychologist},
  volume={57},
  doi={10.1037//0003-066X.57.10.749},
  number={10},
  pages={749},
  year={2002},
  publisher={American Psychological Association}
}
@book{Wickham2017,
author={Wickham, H. and Grolemund, G.},
year={2017},
title={{R for Data Science: Import, tidy, transform, visualize, and model data}},
publisher={O'Reilly},
address={Sebastopol, CA, USA}
}
@article{Shah2011,
  title={Bar and line graph comprehension: An interaction of top-down and bottom-up processes},
  author={Shah, Priti and Freedman, Eric G},
  journal={Topics in Cognitive Science},
  volume={3},
  number={3},
  doi={10.1111/j.1756-8765.2009.01066.x},
  pages={560--578},
  year={2011},
  publisher={Wiley Online Library}
}
@article{Tamir2017,
  title={The Secret to Happiness: Feeling Good or Feeling Right?},
  author={Tamir, Maya and Schwartz, Shalom H and Oishi, Shige and Kim, Min Y},
  journal={Journal of Experimental Psychology. General},
  doi={10.1037/xge0000303},
  year={2017}
}
@book{Cameron2013,
title={Regression Analysis of Count Data},
year=2013,
author={Cameron, A. C. and Trivedi, P. K.},
publisher={Cambridge University Press}
}
@Manual{R2017,
    title = {R: A Language and Environment for Statistical Computing},
    author = {{R Core Team}},
    organization = {R Foundation for Statistical Computing},
    address = {Vienna, Austria},
    year = {2021},
    url = {https://www.R-project.org/},
  }
@article{Micceri1989,
  title={The unicorn, the normal curve, and other improbable creatures.},
  author={Micceri, Theodore},
  journal={Psychological Bulletin},
  volume={105},
  number={1},
  doi={10.1037/0033-2909.105.1.156},
  pages={156},
  year={1989},
  publisher={American Psychological Association}
}

@book{Tukey1977,
  title={Exploratory data analysis},
  author={Tukey, John W},
  year={1977},
  publisher={Addison Wesley},
  address={Boston}
}
@article{Elosua2009,
  title={{¿Existe vida más allá del SPSS? Descubre R}},
  author={Elosua Oliden, Paula},
  year={2009},
  journal={Psicothema},
volume={21},
number={4},
pages={652--655},
}
@article{Smith2000a,
  title={Scientific graphs and the hierarchy of the sciences: A Latourian survey of inscription practices},
  author={Smith, Laurence D and Best, Lisa A and Stubbs, D Alan and Johnston, John and Archibald, Andrea Bastiani},
  journal={Social Studies of Science},
  volume={30},
  number={1},
  doi={10.1177/030631200030001003},
  pages={73--94},
  year={2000},
  publisher={Sage Publications London}
}
@article{Zins2007,
title={Conceptual approaches for defining data, information, and knowledge},
author={Zins, Chaim},
journal={Journal of the American society for information science and technology},
volume={58},
number={4},
pages={479--493},
year={2007}
}

@book{Shmueli2020,
title={Data Mining for Business Analytics: Concepts, techniques, and applications in Python},
year=2020,
author={Shmueli, G. and Bruce, P. C., and Gedeck, P. and Patel, N. R.},
publisher={Wiley \& Sons},
address={New Jersey, USA}
}
@article{Rowley2007,
title={The wisdom hierarchy: representations of the DIKW hierarchy},
author={Rowley, Jennifer},
journal={Journal of Information Science},
volume={33},
number={2},
pages={163--180},
year={2007},
doi={10.1177/0165551506070706}
}
@article{Belaid2021,
  title={CrashNet: an encoder--decoder architecture to predict crash test outcomes},
  author={Belaid, Mohamed Karim and Rabus, Maximilian and Krestel, Ralf},
  journal={Data Mining and Knowledge Discovery},
  pages={1--22},
  year={2021},
  publisher={Springer}
}
@article{Correa2019,
  title={Evaluation of collaborative consumption of food delivery services through web mining techniques},
  author={Correa, Juan C and Garz{\'o}n, Wilmer and Brooker, Phillip and Sakarkar, Gopal and Carranza, Steven A and Yunado, Leidy and Rinc{\'o}n, Alejandro},
  journal={Journal of Retailing and Consumer Services},
  volume={46},
  pages={45--50},
  year={2019},
  publisher={Elsevier}
}
@article{Correa2021,
  title={The Sci-Hub effect on papers’ citations},
  author={Correa, Juan C and Laverde-Rojas, Henry and Tejada, Julian and Marmolejo-Ramos, Fernando},
  journal={Scientometrics},
  pages={1--28},
  year={2021},
  doi={10.1007/s11192-020-03806-w}
}
@book{Molin2021,
title={{Hands-On Data Analysis with Pandas}},
year=2021,
author={Molin, S.},
publisher={Pakt Publishing},
address={Birmingham: UK},
edition={2nd}
}