@misc{McKinney2021,
title={pandas: powerful Python data analysis toolkit},
year={2021},
author={McKinney, W. and {Pandas Development Team}},
month={August},
url={https://pandas.pydata.org/docs/pandas.pdf}
}
@book{Molin2021,
title={{Hands-On Data Analysis with Pandas}},
year=2021,
author={Molin, S.},
publisher={Pakt Publishing},
address={Birmingham: UK},
edition={2nd}
}