@book{Molin2021,
author={Molin, S.},
year=2021,
title={{Data Analysis with Pandas}},
publisher={Pakt Publisher},
address={New York, USA},
edition={2nd}
}
@book{Massaron2016,
author={Massaron, L., and Boschetti, A.},
year=2016,
title={{Regression Analysis with Python}},
publisher={Pakt Publisher},
address={New York, USA}
}
@book{VanderPlas2017,
author={VanderPlas, J.},
year=2017,
title={{Python Data Science Handbook
Essential Tools for Working with Data}},
publisher={O'Reily},
address={New York, USA}
}
@inproceedings{Seabold2010,
title={Statsmodels: Econometric and statistical modeling with python},
author={Seabold, Skipper and Perktold, Josef},
booktitle={Proceedings of the 9th Python in Science Conference},
volume={57},
pages={61},
year={2010},
organization={Austin, TX}
}