@book{McKinney2012,
author={McKinney, W.},
title={{Python for Data Analysis}},
year=2012,
publisher={O'Reilly},
address={Cambridge}
}